@book{book,
    author    = "Jorge Casti√±eira Moreira and Patrick Guy Farrell",
    title     = "Essentials of Error-Control Coding",
    publisher = "Wiley",
    pages    = "2",
    year      = "2006",
}

@book{handout,
    author    = "Shu Lin and Daniel J. Costello",
    title     = "Error Control Coding",
    publisher = "Pearson Education",
    pages    = "Chapter 5",
    year      = "2004",
}